@misc{JobObjects,
author = {},
title = {Job Objects (Windows)},
howpublished = {\url{https://msdn.microsoft.com/en-us/library/windows/desktop/ms684161(v=vs.85).aspx}},
month = {},
year = {},
note = {(Accessed on 10/26/2017)}
}

@book{WindowsInternals,
author = {Russinovich, Mark and Solomon, David A. and Ionescu, Alex},
title = {Windwos Internals Part 1},
edition = {6},
publisher = {Microsoft Press},
address = {Redmond, Washington},
year = {2012}
}

@book{FreeBSD,
author = {McKusick, Marshall Kirk and Neville-Neil, George V. and Watson, Robert N. M.},
title = {The Design and Implementation of the FreeBSD Operating System},
edition = {2},
publisher = {Addison-Wesley Professional},
year = {2014}
}

@misc{WindowsProcesses,
author = {},
title = {Processes and Threads (Windows)},
howpublished = {\url{https://msdn.microsoft.com/en-us/library/windows/desktop/ms684841(v=vs.85).aspx}},
month = {},
year = {},
note = {(Accessed on 10/26/2017)}
}

@misc{FreeBSDThreadStates,
author = {Gregg, Brendan},
title = {FreeBSD 2014 Flame Graphs},
howpublished = {\url{https://www.slideshare.net/brendangregg/freebsd-2014-flame-graphs}},
month = {November},
year = {2013},
note = {(Accessed on 10/26/2017)}
}

@misc{WindowsVsLinux,
author = {Lluis, Xose},
title = {Deploy to nenyures: Windows vs Linux: Processes and Threads},
howpublished = {\url{http://deploytonenyures.blogspot.com/2013/10/windows-vs-linux-processes-and-threads.html}},
month = {October},
year = {2013},
note = {(Accessed on 10/26/2017)}
}

@book{LinuxKernel,
author = {Bovet, Daniel P. and Cesati, Marco},
title = {Understanding the Linux Kernel},
edition = {3},
publisher = {O'Reilly},
year = {2005}
}

@misc{LinuxSlides,
author = {Ben-Yossef, Gilad},
title = {On Threads, Processes and Co-Processes},
publisher = {Codefidence},
howpublished = {\url{https://elinux.org/images/1/1c/Ben-Yossef-GoodBadUgly.pdfl}},
year = {2009}
}

@misc{CFS,
author = {},
title = {Inside the Linux 2.6 Completely Fair Scheduler},
howpublished = {\url{https://www.ibm.com/developerworks/library/l-completely-fair-scheduler/}},
month = {},
year = {},
note = {(Accessed on 10/26/2017)}
}
