@article{ChandyMisra,
author = {Chandy, K. M. and Misra, J.},
title = {The Drinking Philosophers Problem},
journal = {ACM Transcations on Programming Languages and Systems},
year = 1984,
volume = {6}
}
